@article{Fishkin:2004,
 author = {Fishkin, Kenneth P.},
 title = {A taxonomy for and analysis of tangible interfaces},
 journal = {Personal Ubiquitous Comput.},
 volume = {8},
 issue = {5},
 month = {September},
 year = {2004},
 issn = {1617-4909},
 pages = {347--358},
 numpages = {12},
 url = {http://dx.doi.org/10.1007/s00779-004-0297-4},
 doi = {http://dx.doi.org/10.1007/s00779-004-0297-4},
 acmid = {1023819},
 publisher = {Springer-Verlag},
 address = {London, UK},
} 

@inproceedings{Ishii:1997,
 author = {Ishii, Hiroshi and Ullmer, Brygg},
 title = {Tangible bits: towards seamless interfaces between people, bits and atoms},
 booktitle = {Proceedings of the SIGCHI conference on Human factors in computing systems},
 series = {CHI '97},
 year = {1997},
 isbn = {0-89791-802-9},
 location = {Atlanta, Georgia, United States},
 pages = {234--241},
 numpages = {8},
 url = {http://doi.acm.org/10.1145/258549.258715},
 doi = {http://doi.acm.org/10.1145/258549.258715},
 acmid = {258715},
 publisher = {ACM},
 address = {New York, NY, USA},
 keywords = {ambient media, augmented reality, center and periphery, foreground and background, graspable user interface, tangible user interface, ubiquitous computing},
}

@inproceedings{Johnson:1999,
 author = {Johnson, Michael Patrick and Wilson, Andrew and Blumberg, Bruce and Kline, Christopher and Bobick, Aaron},
 title = {Sympathetic interfaces: using a plush toy to direct synthetic characters},
 booktitle = {Proceedings of the SIGCHI conference on Human factors in computing systems: the CHI is the limit},
 series = {CHI '99},
 year = {1999},
 isbn = {0-201-48559-1},
 location = {Pittsburgh, Pennsylvania, United States},
 pages = {152--158},
 numpages = {7},
 url = {http://doi.acm.org/10.1145/302979.303028},
 doi = {http://doi.acm.org/10.1145/302979.303028},
 acmid = {303028},
 publisher = {ACM},
 address = {New York, NY, USA},
 keywords = {physically-based interface, plush toy, sympathetic interface, synthetic characters, virtual worlds},
}

@inproceedings{Andersson:2002,
 author = {Andersson, Gerd and H\"{o}\"{o}k, Kristina and Mour\~{a}o, D\'{a}rio and Paiva, Ana and Costa, Marco},
 title = {Using a Wizard of Oz study to inform the design of SenToy},
 booktitle = {Proceedings of the 4th conference on Designing interactive systems: processes, practices, methods, and techniques},
 series = {DIS '02},
 year = {2002},
 isbn = {1-58113-515-7},
 location = {London, England},
 pages = {349--355},
 numpages = {7},
 url = {http://doi.acm.org/10.1145/778712.778762},
 doi = {http://doi.acm.org/10.1145/778712.778762},
 acmid = {778762},
 publisher = {ACM},
 address = {New York, NY, USA},
 keywords = {Wizard of Oz study, affective interaction, tangible user interface, user evaluation},
}

@inproceedings{Kelley:1983,
 author = {Kelley, J. F.},
 title = {An empirical methodology for writing user-friendly natural language computer applications},
 booktitle = {Proceedings of the SIGCHI conference on Human Factors in Computing Systems},
 series = {CHI '83},
 year = {1983},
 isbn = {0-89791-121-0},
 location = {Boston, Massachusetts, United States},
 pages = {193--196},
 numpages = {4},
 url = {http://doi.acm.org/10.1145/800045.801609},
 doi = {http://doi.acm.org/10.1145/800045.801609},
 acmid = {801609},
 publisher = {ACM},
 address = {New York, NY, USA},
} 

@inproceedings{Abras:2004,
    author = {Abras, Chadia and Maloney-krichmar, Diane and Preece, Jenny},
    booktitle = {In Bainbridge, W. Encyclopedia of Human-Computer Interaction. Thousand Oaks: Sage Publications},
    title = {{User-Centered Design}},
    url = {http://citeseerx.ist.psu.edu/viewdoc/summary?doi=10.1.1.94.381},
    year = {2004}
}

@article{Paiva:2002,
 author = {Paiva, Ana and Andersson, Gerd and H\"{o}\"{o}k, Kristina and Mour\~{a}o, D\'{a}rio and Costa, Marco and Martinho, Carlos},
 title = {SenToy in FantasyA: Designing an Affective Sympathetic Interface to a Computer Game},
 journal = {Personal Ubiquitous Comput.},
 volume = {6},
 issue = {5-6},
 month = {January},
 year = {2002},
 issn = {1617-4909},
 pages = {378--389},
 numpages = {12},
 url = {http://dx.doi.org/10.1007/s007790200043},
 doi = {http://dx.doi.org/10.1007/s007790200043},
 acmid = {592611},
 publisher = {Springer-Verlag},
 address = {London, UK},
 keywords = {Affective interfaces, Game, Gesture-based interaction, Wizard of Oz study},
}

@inproceedings{Figueiredo:2005,
 author = {Rui Figueiredo and Ana Paiva},
 title = {Watch and Feel: An Affective Interface in a Virtual Storytelling Environment},
 year = {2005},
}

@MISC{Hunt:2006,
    author = {Devin Hunt and Jamie Moore and Alex West and Michael Nitsche},
    title = {Puppet Show: Intuitive Puppet Interfaces for Expressive Character Control? in Medi@terra 2006, Gaming Realities: A Challenge for Digital Culture},
    year = {2006}
}

@inproceedings{Bonanni:2006,
 author = {Bonanni, Leonardo and Vaucelle, Cati and Lieberman, Jeff and Zuckerman, Orit},
 title = {PlayPals: tangible interfaces for remote communication and play},
 booktitle = {CHI '06 extended abstracts on Human factors in computing systems},
 series = {CHI '06},
 year = {2006},
 isbn = {1-59593-298-4},
 location = {Montr\&\#233;al, Qu\&\#233;bec, Canada},
 pages = {574--579},
 numpages = {6},
 url = {http://doi.acm.org/10.1145/1125451.1125572},
 doi = {http://doi.acm.org/10.1145/1125451.1125572},
 acmid = {1125572},
 publisher = {ACM},
 address = {New York, NY, USA},
 keywords = {children, remote play, tangible interfaces, toys},
}

@inproceedings{Mazalek:2007,
 author = {Mazalek, Ali and Nitsche, Michael},
 title = {Tangible interfaces for real-time 3D virtual environments},
 booktitle = {Proceedings of the international conference on Advances in computer entertainment technology},
 series = {ACE '07},
 year = {2007},
 isbn = {978-1-59593-640-0},
 location = {Salzburg, Austria},
 pages = {155--162},
 numpages = {8},
 url = {http://doi.acm.org/10.1145/1255047.1255080},
 doi = {http://doi.acm.org/10.1145/1255047.1255080},
 acmid = {1255080},
 publisher = {ACM},
 address = {New York, NY, USA},
 keywords = {3D space, game engine, machinima, puppetry, tangible interface, video games, virtual character},
}

@inproceedings{Sanjay:2009,
 author = {Mazalek, Ali and Chandrasekharan, Sanjay and Nitsche, Michael and Welsh, Tim and Thomas, Geoff and Sanka, Tandav and Clifton, Paul},
 title = {Giving your self to the game: transferring a player's own movements to avatars using tangible interfaces},
 booktitle = {Proceedings of the 2009 ACM SIGGRAPH Symposium on Video Games},
 series = {Sandbox '09},
 year = {2009},
 isbn = {978-1-60558-514-7},
 location = {New Orleans, Louisiana},
 pages = {161--168},
 numpages = {8},
 url = {http://doi.acm.org/10.1145/1581073.1581098},
 doi = {http://doi.acm.org/10.1145/1581073.1581098},
 acmid = {1581098},
 publisher = {ACM},
 address = {New York, NY, USA},
 keywords = {body memory, common coding, game avatar, puppet, tangible user interface, video game, virtual character},
}

@inproceedings{Iurgel:2010,
 author = {Iurgel, Ido A. and Da Silva, Rog\'{e}rio E. and Dos Santos, Manuel F.},
 title = {Towards virtual actors for acting out stories},
 booktitle = {Proceedings of the Entertainment for education, and 5th international conference on E-learning and games},
 series = {Edutainment'10},
 year = {2010},
 isbn = {3-642-14532-9, 978-3-642-14532-2},
 location = {Changchun, China},
 pages = {570--581},
 numpages = {12},
 url = {http://portal.acm.org/citation.cfm?id=1881763.1881827},
 acmid = {1881827},
 publisher = {Springer-Verlag},
 address = {Berlin, Heidelberg},
 keywords = {artificial intelligence, authoring, storytelling, virtual actors},
} 

@inproceedings{Wobbrock:2007,
 author = {Wobbrock, Jacob O. and Wilson, Andrew D. and Li, Yang},
 title = {Gestures without libraries, toolkits or training: a 1 recognizer for user interface prototypes},
 booktitle = {Proceedings of the 20th annual ACM symposium on User interface software and technology},
 series = {UIST '07},
 year = {2007},
 isbn = {978-1-59593-679-0},
 location = {Newport, Rhode Island, USA},
 pages = {159--168},
 numpages = {10},
 url = {http://doi.acm.org/10.1145/1294211.1294238},
 doi = {http://doi.acm.org/10.1145/1294211.1294238},
 acmid = {1294238},
 publisher = {ACM},
 address = {New York, NY, USA},
 keywords = {dynamic time warping, gesture recognition, marks, rapid prototyping, recognition rates, rubine, statistical classifiers, strokes, symbols, unistrokes, user interfaces},
} 

@book{Gibson:1979, 
title={The Ecological Approach to Visual Perception}, 
volume={40},
number={1}, 
journal={Book}, 
publisher={Houghton Mifflin}, 
author={Gibson, James J}, 
year={1979}, 
pages={332}
}

@ARTICLE{Rogers:2004,
author = {Yvonne Rogers},
title = {New theoretical approaches for HCI},
journal = {Annual Review of Information Science and Technology},
year = {2004},
volume = {38},
pages = {87--143}
}

@article{Nielsen:1993,
 author = {Nielsen, Jakob},
 title = {Iterative User-Interface Design},
 journal = {Computer},
 volume = {26},
 issue = {11},
 month = {November},
 year = {1993},
 issn = {0018-9162},
 pages = {32--41},
 numpages = {10},
 url = {http://portal.acm.org/citation.cfm?id=618985.619982},
 doi = {10.1109/2.241424},
 acmid = {619982},
 publisher = {IEEE Computer Society Press},
 address = {Los Alamitos, CA, USA},
} 

@article{Bernsen:1998,
author = {N. O. Bernsen},
title = {Designing Interactive Speech Systems},
year = {1998},
masid = {2034792}
}

@article{Gaver:1999,
 author = {Gaver, Bill and Dunne, Tony and Pacenti, Elena},
 title = {Design: Cultural probes},
 journal = {interactions},
 volume = {6},
 issue = {1},
 month = {January},
 year = {1999},
 issn = {1072-5520},
 pages = {21--29},
 numpages = {9},
 url = {http://doi.acm.org/10.1145/291224.291235},
 doi = {http://doi.acm.org/10.1145/291224.291235},
 acmid = {291235},
 publisher = {ACM},
 address = {New York, NY, USA},
} 

@inproceedings{Ribeiro:2011,
 author = {Ribeiro, Pedro and Iurgel, Ido and Ferreira, Manuel },
 title = {Voodoo: A System that Allows Children to Create Animated Stories with Action Figures as Interface},
 booktitle = {Proceedings of the Fourth joint conference on Interactive digital storytelling},
 series = {ICIDS'11},
 year = {2011},
 isbn = {978-3-642-25288-4},
 location = {Vancouver, Canada},
 pages = {244--247},
 numpages = {4},
 publisher = {Springer-Verlag},
 address = {Berlin, Heidelberg},
} 

@inproceedings{Eladhari:2006,
 author = {Eladhari, Mirjam and Nieuwdorp, Rik and Fridenfalk, Mikael},
 title = {The soundtrack of your mind: mind music - adaptive audio for game characters},
 booktitle = {Proceedings of the 2006 ACM SIGCHI international conference on Advances in computer entertainment technology},
 series = {ACE '06},
 year = {2006},
 isbn = {1-59593-380-8},
 location = {Hollywood, California},
 articleno = {54},
 url = {http://doi.acm.org/10.1145/1178823.1178887},
 doi = {http://doi.acm.org/10.1145/1178823.1178887},
 acmid = {1178887},
 publisher = {ACM},
 address = {New York, NY, USA},
 keywords = {adaptive audio, believable agents, game, game design, music, role playing games},
} 

@article{Cohen:1998,
title={The Functions of Music in Multimedia : A Cognitive Approach.}, 
booktitle = {Proceedings of the Fifth International Conference on Music Perception and Cognition},
publisher={Wester Music Research Institute, Seoul National University},
author={Cohen, Annabel},
year={1998},
pages={13--20}
}

@Misc{foreui:prototyping,
author = {Foreui},
title = {Foreui: Easy-To-Use UI Prototyping Tool},
url  = {http://www.foreui.com/},
}

@Misc{youtube:videoShare,
author = {Youtube},
title = {Youtube: video-sharing website},
url  = {http://www.youtube.com/},
}

@Misc{LRRHS:youtubevideo,
author = {Youtube},
title = {Little Red Riding Hood Story: Youtube video},
url  = {http://www.youtube.com/watch?v=BGTHyiMc08c},
}

@Misc{wiki:splitscreen,
title = {Split screen (filmmaking)},
author = {Wikipedia},
year = {2011},
url  = {http://en.wikipedia.org/wiki/Split_screen_(filmmaking)},
}

@Misc{wiki:motioncapture,
title = {Motion capture},
author = {Wikipedia},
year = {2011},
url  = {http://en.wikipedia.org/wiki/Motion_capture},
}

@Misc{wiki:morphtarget,
title = {Morph target},
author = {Wikipedia},
year = {2011},
url  = {http://en.wikipedia.org/wiki/Morph_target_animation},
}

@Misc{wiki:sapi,
title = {Microsoft Speech API},
author = {Wikipedia},
year = {2011},
url  = {http://en.wikipedia.org/wiki/Microsoft_Speech_API},
}

@Misc{wiki:machinima,
title = {Machinima},
author = {Wikipedia},
year = {2011},
url  = {http://en.wikipedia.org/wiki/Machinima},
}

@Misc{ARToolkit:Tracking,
title = {Augmented Reality software library},
author = {HITLab},
url  = {http://www.hitl.washington.edu/artoolkit/documentation/userintro.htm},
}

@Misc{wiki:lotr,
title = {The return of the king},
author = {Wikipedia},
year = {2011},
url  = {http://en.wikipedia.org/wiki/The_Lord_of_the_Rings:_The_Return_of_the_King},
}

@Misc{wiki:kinect,
title = {Kinect},
author = {Wikipedia},
year = {2011},
url  = {http://en.wikipedia.org/wiki/Kinect},
}

@Misc{ideocards:Methodscards,
title = {Method cards for IDEO},
author = {Ideo},
year = {2002},
url  = {http://www.ideo.com/work/method-cards},
}

@Misc{flartoolkit:2009,
title = {FLARToolKit},
author = {Saqoosha},
year = {2009},
url  = {http://www.libspark.org/wiki/saqoosha/FLARToolKit/en},
}

@Misc{flash:2011,
title = {Adobe flash},
author = {Wikipedia},
year = {2011},
url  = {http://en.wikipedia.org/wiki/Adobe_Flash},
}


